@article{steuer92,
    author  = "Steuer, Jonathan",
    title   = "Defining Virtual Reality: Dimensions Determining Telepresence",
    journal = "Journal of Communication",
    volume  = "42",
    number  = "4",
    pages   = "73--93",
    year    = "1992"
}

@book{sherman2002,
    author    = "Sherman, William R. and Craig, Alan B.",
    title     = "Understanding Virtual Reality: Interface, Application, and Design",
    publisher = "Morgan Kaufmann",
    year      = "2002"
}

@article{milgram94,
    author  = "Milgram, Paul and Kishino, Fumio",
    title   = "A taxonomy of mixed reality visual displays",
    journal = "IEICE Transactions on Information Systems",
    volume  = "E77-D",
    number  = "12",
    pages   = "1321--1329",
    year    = "1994"
}

@book{burdea2003,
    author    = "Burdea, Grigore and Coiffet, Philippe",
    title     = "Virtual Reality Technology",
    publisher = "Wiley-Interscience",
    year      = "2003"
}

@inproceedings{slater94,
    author    = "Slater, Mel and Usoh, Martin",
    title     = "Presence in immersive virtual environments",
    booktitle = "Proceedings of the 5th Annual Presence Workshop",
    pages     = "27--56",
    year      = "1994"
}

@misc{epicBlueprints,
  author       = "{Epic Games}",
  title        = "{Blueprint Visual Scripting in Unreal Engine}",
  howpublished = "\url{https://dev.epicgames.com/documentation/en-us/unreal-engine/blueprints-visual-scripting-in-unreal-engine}",
  year         = "2025"
}
@article{vr_meta_stroke2024,
  author  = "Gandolfi, M. and Valè, N. and Dimitrova, E. and others",
  title   = "Virtual Reality Therapy for Upper Limb Motor Impairments in Stroke Patients: A Meta-Analysis",
  journal = "Journal of Rehabilitation Research",
  year    = "2024",
  url     = "https://pubmed.ncbi.nlm.nih.gov/40022760/"
}

@article{vr_upper_extremity2023,
  author  = "Park, D. S. and Lee, H. and Kim, K.",
  title   = "Effects of Immersive Virtual Reality on Upper-Extremity Stroke Rehabilitation: A Systematic Review and Meta-Analysis",
  journal = "Frontiers in Neurology",
  year    = "2023",
  url     = "https://pmc.ncbi.nlm.nih.gov/articles/PMC10780020/"
}

@article{mirrored_hand_system2025,
  author  = "Kim, S. and Yoon, Y. and Jang, H.",
  title   = "Design and Usability Evaluation of an Immersive Virtual Reality Mirrored-Hand System for Upper Limb Rehabilitation",
  journal = "Scientific Reports",
  year    = "2025",
  url     = "https://www.nature.com/articles/s41598-025-90698-6"
}

@article{exergame_sensors2023,
  author  = "Baron, L. and Gutiérrez, J. and Ramírez, R.",
  title   = "Virtual Therapy Exergame for Upper Extremity Rehabilitation Using Smart Wearable Sensors",
  journal = "arXiv preprint arXiv:2302.08573",
  year    = "2023",
  url     = "https://arxiv.org/abs/2302.08573"
}

@article{vr_kids_pain2023,
  author  = "Maldonado, J. and Serrano, L. and Díaz, H.",
  title   = "Playing Your Pain Away: Designing a Virtual Reality Physical Therapy for Children with Upper Limb Motor Impairment",
  journal = "JMIR Serious Games",
  year    = "2023",
  url     = "https://pmc.ncbi.nlm.nih.gov/articles/PMC9998555/"
}

@article{vr_robotics2023,
  author  = "Chheang, V. and Sim, J. and Le, H.",
  title   = "Immersive Virtual Reality and Robotics for Upper Extremity Rehabilitation",
  journal = "arXiv preprint arXiv:2304.11110",
  year    = "2023",
  url     = "https://arxiv.org/abs/2304.11110"
}