@misc{licenciaQueEs,
  title = "¿Qué es una licencia de software?",
  author = "Red.es",
  year = "2020",
  url = "https://www.red.es/redes/actualidad/blog/%C2%BFque-es-una-licencia-de-software",
  note = "[Consulta: mayo 2025]"
}

@misc{unrealLicense,
  author = "Epic Games",
  title = "Licencia de Unreal Engine",
  year = "2024",
  url = "https://www.unrealengine.com/en-US/eula/publishing",
  note = "[Consulta: mayo 2025]"
}

@misc{vslicense,
  author = "Microsoft",
  title = "Visual Studio Licensing Terms",
  year = "2024",
  url = "https://visualstudio.microsoft.com/license-terms/",
  note = "[Consulta: mayo 2025]"
}

@misc{blenderlicense,
  author = "Blender Foundation",
  title = "Blender License",
  year = "2024",
  url = "https://www.blender.org/about/license/",
  note = "[Consulta: mayo 2025]"
}

@misc{cclicenses,
  author = "Creative Commons",
  title = "About The Licenses - Creative Commons",
  year = "2024",
  url = "https://creativecommons.org/licenses/",
  note = "[Consulta: mayo 2025]"
}